<?xml version="1.0" encoding="UTF-8"?><collection><record><leader>07602ntm a2200721 a 4500</leader><controlfield tag="001">006803211</controlfield><controlfield tag="003">MiAaHDL</controlfield><controlfield tag="005">20190719000000.0</controlfield><controlfield tag="006">m        d        </controlfield><controlfield tag="007">cr bn ---auaua</controlfield><controlfield tag="008">090526q18411842iq            00| ||ara d</controlfield><datafield tag="035" ind1=" " ind2=" "><subfield code="a">(MiU)006803211</subfield></datafield><datafield tag="035" ind1=" " ind2=" "><subfield code="a">sdr-miu006803211</subfield></datafield><datafield tag="040" ind1=" " ind2=" "><subfield code="a">MiU</subfield><subfield code="c">MiU</subfield><subfield code="e">amremm</subfield></datafield><datafield tag="043" ind1=" " ind2=" "><subfield code="a">n-us-mi</subfield><subfield code="a">aw-----</subfield><subfield code="a">ff-----</subfield><subfield code="a">e-sp---</subfield></datafield><datafield tag="100" ind1="0" ind2=" "><subfield code="6">880-01</subfield><subfield code="a">ʻAbd al-Qādir al-Jīlānī,</subfield><subfield code="d">-1166.</subfield></datafield><datafield tag="245" ind1="1" ind2="0"><subfield code="6">880-03</subfield><subfield code="a">[Khamsata ʻashara maktūban ... etc.,</subfield><subfield code="f">1257, i.e. 1841 or 1842].</subfield></datafield><datafield tag="246" ind1="3" ind2=" "><subfield code="6">880-04</subfield><subfield code="i">Title in GAL:</subfield><subfield code="a">Ḥikam al-mawāʻiẓ</subfield></datafield><datafield tag="260" ind1=" " ind2=" "><subfield code="a">[Baghdād?,</subfield><subfield code="c">1841 or 1842].</subfield></datafield><datafield tag="300" ind1=" " ind2=" "><subfield code="a">170 leaves (340 p.) :</subfield><subfield code="b">paper ;</subfield><subfield code="c">187 x 115 (111 x 61) mm.</subfield></datafield><datafield tag="500" ind1=" " ind2=" "><subfield code="a">Shelfmark: Ann Arbor, University of Michigan, Special Collections Library, Isl. Ms. 257</subfield></datafield><datafield tag="500" ind1=" " ind2=" "><subfield code="a">Origin: As appears in colophon on fol. 168b-169a, transcribed ("amaranī...bi-taḥrīr hādhihi al-raqāʼiq...") for Ali Rıza Paşa (Ottoman ruler in Baghdad from 1831-1842) by Sufyān al-Wahbī al-Baghdādī in 1257 [1841 or 2], likely in Baghdad.</subfield></datafield><datafield tag="500" ind1=" " ind2=" "><subfield code="a">Binding: Pasteboards covered in black leather ; Type III binding (without flap) ; gold-stamped central mandorla, pendants and corner pieces with vegetal decoration ; gold frame ; good condition.</subfield></datafield><datafield tag="500" ind1=" " ind2=" "><subfield code="a">Support: Glossy laid European paper, AB watermark ; flyleaves of two European papers, one having coat of arms with hand and balance watermark and the other coat of arms with eagle and horse watermark.</subfield></datafield><datafield tag="500" ind1=" " ind2=" "><subfield code="a">Decoration: Illuminated headpieces in Ottoman style evoking the miḥrāb with vegetal, floral decoration painted in gold, blue, red, green, orange, white, pink, etc. mark each section (fol. 1b, fol. 11b, fol. 32b) ; cartouche with gold field left blank accompanies each ; gold rule borders surround text ; occasional rubrication to highlight sections or introduce quotes.</subfield></datafield><datafield tag="500" ind1=" " ind2=" "><subfield code="a">Script: Naskh ; same fine Ottoman / Iraqi hand throughout ; vocalized throughout.</subfield></datafield><datafield tag="500" ind1=" " ind2=" "><subfield code="a">Layout: Written in 11 lines per page.</subfield></datafield><datafield tag="500" ind1=" " ind2=" "><subfield code="a">Collation: 13 V (130), IV (138), 3 V (168), I (170) ; chiefly quinions ; catchwords present ; pagination added later in pencil.</subfield></datafield><datafield tag="500" ind1=" " ind2=" "><subfield code="a">Dedication: "قد امرني من يجب علي امتثال امره لاداء بعض حمده وشكره حضرة تاج الوزراء ومن استقامت بعدالة خطة البلدة الزوراء الوزير الخطير والدستور المثير افندينا علي رضا باشا جعل الله له الرضا غطاء وفراشا بتحرير هذه الرقائق بعد ان جمعها فاوعى [?] وتنميق هذه الدقاق بعد ان القى اليها سمعا كيف لا وهي مقتسبة من اثار انوار قطب العارفين والقنديل النوراني سيدي الشيخ عبد القادر الكيلاني قدس الله سره"</subfield></datafield><datafield tag="500" ind1=" " ind2=" "><subfield code="a">Colophon: "Scribal," triangular, reads: "تمت قد امرني من يجب علي امتثال امره لاداء بعض حمده وشكره حضرة تاج الوزراء ومن استقامت بعدالة خطة البلدة الزوراء الوزير الخطير والدستور المثير افندينا علي رضا باشا جعل الله له الرضا غطاء وفراشا بتحرير هذه الرقائق بعد ان جمعها فاوعى [?] وتنميق هذه الدقاق بعد ان القى اليها سمعا كيف لا وهي مقتسبة من اثار انوار قطب العارفين والقنديل النوراني سيدي الشيخ عبد القادر الكيلاني قدس الله سره وانا الفقير الى الله سفيان الوهبي البغدادي عفى عنه وذلك في سنة الف ومايتين وسبع وخمسين النبوية بعد الهجرة"</subfield></datafield><datafield tag="500" ind1=" " ind2=" "><subfield code="a">Explicit: "ويصير من الاغيار اجنبيا ومن افات نفسه بريا ويصفو قلبه من كدر بشريته ويفارق بصره ملاحظة الخلق تمت..."</subfield></datafield><datafield tag="500" ind1=" " ind2=" "><subfield code="a">Incipit: "الحمدلله كاشف الغمة والصلوة والسلام على نبيه خير البرية وشفيع الامة فان الله جعل قلوب العارفين معادن اسراره وزينها بطوالع نواره وصفاهم من كدورات البشرية واشهدهم مجاري احكام الربوبية فقال الغوث الاعظم المستوحش عن غير الله..."</subfield></datafield><datafield tag="500" ind1=" " ind2=" "><subfield code="a">Title from fol. 11b.</subfield></datafield><datafield tag="500" ind1=" " ind2=" "><subfield code="a">Ms. codex.</subfield></datafield><datafield tag="505" ind1="0" ind2=" "><subfield code="a">3. fol. 32b-169a : "قال العلامة مؤلف البهجة رحمه الله تعالى فانه من رام ان يدرك هذا الشا [?]..."</subfield></datafield><datafield tag="505" ind1="0" ind2=" "><subfield code="a">2. fol. 11b-32a : "الحمدلله رب العالمين وصلى الله على سيدنا محمد وعلى اله وصحبه اجمعين فهذه خمسة عشر مكتوبا للاستاذ القطب الرباني والغوث الصمداني الشيخ عبد القادر الجيلاني..."</subfield></datafield><datafield tag="505" ind1="0" ind2=" "><subfield code="a">1. fol. 1a-11a : "الحمدلله كاشف الغمة والصلوة والسلام على نبيه خير البرية وشفيع الامة فان الله جعل قلوب العارفين معادن اسراره..."</subfield></datafield><datafield tag="510" ind1="4" ind2=" "><subfield code="a">EI2, "ʻAbd al- Ḳādir al- Jīlānī (or al-Jīlī), Muḥyī al-Dīn Abū Muḥ. b. Abī Ṣāliḥ Jengī Dōst."</subfield><subfield code="c">vol. I, p.69, col.1</subfield></datafield><datafield tag="510" ind1="4" ind2=" "><subfield code="a">Brockelmann, C. GAL,</subfield><subfield code="c">I 435, SI 777 ; II 384, SII 518</subfield></datafield><datafield tag="520" ind1="8" ind2=" "><subfield code="a">A collection of Ṣūfī writings pertaining to ʻAbd al-Qādir al-Jīlānī (d. 561/1166), Ḥanbalite theologian, preacher and Ṣūfī, who gave his name to the order of the Qādirīyah. Included are some fifteen tracts attributed to al-Jīlānī, reportedly translated from the Persian by ʻAlī ibn Ḥusām al-Dīn ibn ʻAbd al-Malik al-Junbūrī al-Hindī al-shahīr bi-al-Muttaqī, as well as excerpts from al-Shaṭṭanawfī's collected accounts.</subfield></datafield><datafield tag="538" ind1=" " ind2=" "><subfield code="a">Mode of access: Internet.</subfield></datafield><datafield tag="541" ind1=" " ind2=" "><subfield code="c">Purchase ;</subfield><subfield code="a">Acquired by purchase (funds donated by Horace Rackham).</subfield><subfield code="d">1924.</subfield></datafield><datafield tag="546" ind1=" " ind2=" "><subfield code="a">Arabic.</subfield></datafield><datafield tag="561" ind1=" " ind2=" "><subfield code="a">Front flyleaf inscribed "74 T DeM" [i.e. Tammaro De Marinis].</subfield></datafield><datafield tag="600" ind1="0" ind2="0"><subfield code="a">ʻAbd al-Qādir al-Jīlānī,</subfield><subfield code="d">-1166</subfield><subfield code="v">Early works to 1800.</subfield></datafield><datafield tag="650" ind1=" " ind2="0"><subfield code="a">Manuscripts, Arabic</subfield><subfield code="z">Michigan</subfield><subfield code="z">Ann Arbor.</subfield></datafield><datafield tag="650" ind1=" " ind2="0"><subfield code="a">Islamic sermons, Arabic</subfield><subfield code="v">Early works to 1800.</subfield></datafield><datafield tag="650" ind1=" " ind2="0"><subfield code="a">Religious life</subfield><subfield code="x">Islam</subfield><subfield code="v">Early works to 1800.</subfield></datafield><datafield tag="650" ind1=" " ind2="0"><subfield code="a">Sufism</subfield><subfield code="v">Early works to 1800.</subfield></datafield><datafield tag="655" ind1=" " ind2="7"><subfield code="a">Headpieces (layout features)</subfield><subfield code="z">Islamic empire</subfield><subfield code="y">19th century.</subfield><subfield code="2">aat</subfield></datafield><datafield tag="700" ind1="0" ind2=" "><subfield code="a">Abdülhamid</subfield><subfield code="b">II,</subfield><subfield code="c">Sultan of the Turks,</subfield><subfield code="d">1842-1918,</subfield><subfield code="e">former owner.</subfield></datafield><datafield tag="700" ind1="0" ind2=" "><subfield code="6">880-08</subfield><subfield code="a">Ali Rıza Paşa,</subfield><subfield code="d">fl. 1841,</subfield><subfield code="e">patron.</subfield></datafield><datafield tag="700" ind1="1" ind2=" "><subfield code="6">880-07</subfield><subfield code="a">Baghdādī, Sufyān al-Wahbī,</subfield><subfield code="d">fl. 1841,</subfield><subfield code="e">scribe.</subfield></datafield><datafield tag="700" ind1="1" ind2=" "><subfield code="6">880-06</subfield><subfield code="a">Shaṭṭanūfī, ʻAlī ibn Yūsuf,</subfield><subfield code="d">1246?-1314.</subfield><subfield code="t">Bahjat al-asrār wa-maʻdin al-anwār.</subfield><subfield code="k">Selections.</subfield></datafield><datafield tag="700" ind1="1" ind2=" "><subfield code="6">880-05</subfield><subfield code="a">Muttaqī, ʻAlī ibn ʻAbd al-Malik,</subfield><subfield code="d">-1567.</subfield></datafield><datafield tag="773" ind1="0" ind2=" "><subfield code="a">Abdul Hamid Collection.</subfield></datafield><datafield tag="880" ind1="0" ind2=" "><subfield code="6">700-08/</subfield><subfield code="a">علي رضا باشا,</subfield><subfield code="e">راع.</subfield></datafield><datafield tag="880" ind1="1" ind2=" "><subfield code="6">700-07/</subfield><subfield code="a">بغدادي, سفيان الوهبي,</subfield><subfield code="e">ناسخ.</subfield></datafield><datafield tag="880" ind1="1" ind2=" "><subfield code="6">700-06/</subfield><subfield code="a">شطنوفي, علي بن يوسف,</subfield><subfield code="d">1246?-1314.</subfield><subfield code="t">بهجة الاسرار ومعدن الانوار.</subfield><subfield code="k">مختارات.</subfield></datafield><datafield tag="880" ind1="1" ind2=" "><subfield code="6">700-05/</subfield><subfield code="a">متقي, علي بن عبد الملك.</subfield></datafield><datafield tag="880" ind1="3" ind2=" "><subfield code="6">246-04/</subfield><subfield code="a">حكم المواعظ</subfield></datafield><datafield tag="880" ind1="1" ind2="0"><subfield code="6">245-03/</subfield><subfield code="a">[خمسة عشر مكتوبا ... الخ،</subfield><subfield code="f">1257ه, 1841 او 1842م].</subfield></datafield><datafield tag="880" ind1="0" ind2=" "><subfield code="6">100-01/</subfield><subfield code="a">عبد القادر الجيلاني.</subfield></datafield><datafield tag="CID" ind1=" " ind2=" "><subfield code="a">006803211</subfield></datafield><datafield tag="DAT" ind1="0" ind2=" "><subfield code="a">20190719102636.0</subfield><subfield code="b">20190719000000.0</subfield></datafield><datafield tag="DAT" ind1="1" ind2=" "><subfield code="a">20190719090653.0</subfield><subfield code="b">2019-07-19T16:11:34Z</subfield></datafield><datafield tag="DAT" ind1="2" ind2=" "><subfield code="a">2015-10-10T18:00:06Z</subfield></datafield><datafield tag="CAT" ind1=" " ind2=" "><subfield code="a">SDR-MIU</subfield><subfield code="d">EX LIBRIS - ALEPH</subfield><subfield code="l">prepare.pl-004-008</subfield></datafield><datafield tag="FMT" ind1=" " ind2=" "><subfield code="a">BK</subfield></datafield><datafield tag="HOL" ind1=" " ind2=" "><subfield code="0">sdr-miu006803211</subfield><subfield code="a">MiU</subfield><subfield code="b">SDR</subfield><subfield code="c">MIU</subfield><subfield code="p">mdp.39015079126762</subfield><subfield code="s">MIU</subfield><subfield code="1">006803211</subfield></datafield><datafield tag="974" ind1=" " ind2=" "><subfield code="b">MIU</subfield><subfield code="c">MIU</subfield><subfield code="d">20190719</subfield><subfield code="s">lit-dlps-dc</subfield><subfield code="u">mdp.39015079126762</subfield><subfield code="y">1842</subfield><subfield code="r">pd</subfield><subfield code="q">bib</subfield><subfield code="t">non-US bib date2 &lt; 1879</subfield></datafield></record></collection>